% manually checked against MRef on 27 may 2025
@article{Erdos1964,
    AUTHOR = {Erd\H{o}s, P{\'a}l},
    TITLE = {On extremal problems of graphs and generalized graphs},
    JOURNAL = {Israel J. Math.},
    FJOURNAL = {Israel Journal of Mathematics},
    VOLUME = {2},
    YEAR = {1964},
    PAGES = {183--190},
    ISSN = {0021-2172},
    MRCLASS = {05.40},
    MRNUMBER = {183654},
    MRREVIEWER = {A.\ H.\ Stone},
    DOI = {10.1007/BF02759942},
    URL = {https://doi.org/10.1007/BF02759942},
}
% checked against MRef on 27 may 2025
@article{MUBAYI2010174,
    AUTHOR = {Mubayi, Dhruv and Tur\'{a}n, Gy\"{o}rgy},
    TITLE = {Finding bipartite subgraphs efficiently},
    key = {value},
    JOURNAL = {Inform. Process. Lett.},
    FJOURNAL = {Information Processing Letters},
    VOLUME = {110},
    NUMBER = {5},
    PAGES = {174--177},
    YEAR = {2010},
    ISSN = {0020-0190},
    DOI = {https://doi.org/10.1016/j.ipl.2009.11.015},
    URL = {https://www.sciencedirect.com/science/article/pii/S0020019009003433},
    keywords = {Algorithms, Graph algorithm, Bipartite graph, Extremal graph theory},
}
% manually checked against MRef on 27 may 2025
@article {Kovari1954,
    AUTHOR = {K\"ovari, Thomas and S\'os, Vera T. and Tur\'an, P{\'a}l},
     TITLE = {On a problem of {K}. {Z}arankiewicz},
   JOURNAL = {Colloq. Math.},
  FJOURNAL = {Colloquium Mathematicum},
    VOLUME = {3},
      YEAR = {1954},
     PAGES = {50--57},
      ISSN = {0010-1354,1730-6302},
   MRCLASS = {27.2X},
  MRNUMBER = {65617},
MRREVIEWER = {J.\ Riguet},
       DOI = {10.4064/cm-3-1-50-57},
       URL = {https://doi.org/10.4064/cm-3-1-50-57},
}
% checked against MRef on 27 may 2025
@article{Hylten1958,
    AUTHOR = {Hylt\'{e}n-Cavallius, Carl},
     TITLE = {On a combinatorical problem},
   JOURNAL = {Colloq. Math.},
  FJOURNAL = {Colloquium Mathematicum},
    VOLUME = {6},
      YEAR = {1958},
     PAGES = {59--65},
      ISSN = {0010-1354},
   MRCLASS = {05.00},
  MRNUMBER = {103158},
MRREVIEWER = {K. Goldberg},
       DOI = {10.4064/cm-6-1-61-65},
       URL = {https://doi.org/10.4064/cm-6-1-61-65},
}
% checked against MRef on 27 may 2025
@book{reingold1977combinatorial,
    AUTHOR = {Reingold, Edward M. and Nievergelt, Jurg and Deo, Narsingh},
     TITLE = {Combinatorial algorithms: theory and practice},
 PUBLISHER = {Prentice-Hall, Inc., Englewood Cliffs, NJ},
      YEAR = {1977},
     PAGES = {xii+433},
   MRCLASS = {68A10},
  MRNUMBER = {471431},
MRREVIEWER = {Witold Lipski},
}
% checked against MRef on 27 may 2025
@incollection{keevash2011hypergraph,
    AUTHOR = {Keevash, Peter},
     TITLE = {Hypergraph {T}ur\'{a}n problems},
 BOOKTITLE = {Surveys in combinatorics 2011},
    SERIES = {London Math. Soc. Lecture Note Ser.},
    VOLUME = {392},
     PAGES = {83--139},
 PUBLISHER = {Cambridge Univ. Press, Cambridge},
      YEAR = {2011},
   MRCLASS = {05-02 (05C65)},
  MRNUMBER = {2866732},
}
@book{alon2016probabilistic,
  title={The probabilistic method},
  author={Alon, Noga and Spencer, Joel H.},
  year={2016},
  publisher={John Wiley \& Sons}
}
% checked against MRef on 27 may 2025
@article{bollobas1973structure,
    AUTHOR = {Bollob\'{a}s, B\'{e}la and Erd\H{o}s, P{\'a}l},
     TITLE = {On the structure of edge graphs},
   JOURNAL = {Bull. London Math. Soc.},
  FJOURNAL = {The Bulletin of the London Mathematical Society},
    VOLUME = {5},
      YEAR = {1973},
     PAGES = {317--321},
      ISSN = {0024-6093},
   MRCLASS = {05C35},
  MRNUMBER = {335347},
MRREVIEWER = {A. J. Schwenk},
       DOI = {10.1112/blms/5.3.317},
       URL = {https://doi.org/10.1112/blms/5.3.317},
}

 
