%! Author = Ferran
%! Date = 29/10/2024

@article{Erods1964,
  title = {On extremal problems of graphs and generalized graphs},
  volume = {2},
  ISSN = {1565-8511},
  url = {http://dx.doi.org/10.1007/BF02759942},
  DOI = {10.1007/bf02759942},
  number = {3},
  journal = {Israel Journal of Mathematics},
  publisher = {Springer Science and Business Media LLC},
  author = {Erd\"{o}s,  P.},
  year = {1964},
  month = sep,
  pages = {183–190}
}

@article{MUBAYI2010174,
title = {Finding bipartite subgraphs efficiently},
journal = {Information Processing Letters},
volume = {110},
number = {5},
pages = {174-177},
year = {2010},
issn = {0020-0190},
doi = {https://doi.org/10.1016/j.ipl.2009.11.015},
url = {https://www.sciencedirect.com/science/article/pii/S0020019009003433},
author = {Dhruv Mubayi and György Turán},
keywords = {Algorithms, Graph algorithm, Bipartite graph, Extremal graph theory},
abstract = {Polynomial algorithms are given for the following two problems:•given a graph with n vertices and m edges, find a complete balanced bipartite subgraph Kq,q with q=⌊lnnln(2en2/m)⌋,•given a graph with n vertices, find a decomposition of its edges into complete balanced bipartite graphs having altogether O(n2/lnn) vertices. The first algorithm can be modified to have running time linear in m and find a Kq′,q′ with q′=⌊q/5⌋. Previous proofs of the existence of such objects, due to Kővári, Sós and Turán (1954) [10], Chung, Erdős and Spencer (1983) [5], Bublitz (1986) [4] and Tuza (1984) [13] were non-constructive.}
}


@article{Kovari1954,
author = {Kővari, T. and Sós, V. and Turán P.},
journal = {Colloquium Mathematicae},
keywords = {combinatorics},
language = {eng},
number = {1},
pages = {50-57},
title = {On a problem of K. Zarankiewicz},
url = {http://eudml.org/doc/210011},
volume = {3},
year = {1954},
}

@article{Hylten1958,
author = {Hyltén-Cavallius, C.},
journal = {Colloquium Mathematicae},
keywords = {combinatorics},
language = {eng},
number = {1},
pages = {61-65},
title = {On a combinatorical problem},
url = {http://eudml.org/doc/210386},
volume = {6},
year = {1958},
}

@article{carvajal2024canonical,
  title={Canonical Ramsey numbers for partite hypergraphs},
  author={Carvajal, Mat{\'\i}as Az{\'o}car and Santos, Giovanne and Schacht, Mathias},
  journal={arXiv preprint arXiv:2411.16218},
  year={2024}
}

@book{reingold1977combinatorial,
  title={Combinatorial algorithms: theory and practice},
  author={Reingold, Edward M and Nievergelt, Jurg and Deo, Narsingh},
  year={1977},
  publisher={Prentice Hall College Div}
}

@article{Turan1941,
  title={Eine extremalaufgabe aus der graphentheorie},
  author={Tur{\'a}n, Paul},
  journal={Mat. Fiz. Lapok},
  volume={48},
  number={436-452},
  pages={61},
  year={1941}
}

@article{krivelevich1998chromatic,
  title={The chromatic numbers of random hypergraphs},
  author={Krivelevich, Michael and Sudakov, Benny},
  journal={Random Structures \& Algorithms},
  volume={12},
  number={4},
  pages={381--403},
  year={1998},
  publisher={Wiley Online Library}
}

@article{erdHos1966problem,
  title={On a problem of graph theory},
  author={Erd{\H{o}}s, P{\'a}l and R{\'e}nyi, Alfr{\'e}d and T S{\'o}s, Vera},
  journal={Studia Scientiarum Mathematicarum Hungarica},
  volume={1},
  pages={215--235},
  year={1966},
  publisher={Akad{\'e}miai Kiad{\'o}}
}

@article{brown1966graphs,
  title={On graphs that do not contain a Thomsen graph},
  author={Brown, William G},
  journal={Canadian Mathematical Bulletin},
  volume={9},
  number={3},
  pages={281--285},
  year={1966},
  publisher={Cambridge University Press}
}

@article{kollar1996norm,
  title={Norm-graphs and bipartite Tur{\'a}n numbers},
  author={Koll{\'a}r, J{\'a}nos and R{\'o}nyai, Lajos and Szab{\'o}, Tibor},
  journal={Combinatorica},
  volume={16},
  number={3},
  pages={399--406},
  year={1996},
  publisher={Springer}
}

@article{furedi1996new,
  title={New asymptotics for bipartite Tur{\'a}n numbers},
  author={F{\"u}redi, Zolt{\'a}n},
  journal={Journal of Combinatorial Theory, Series A},
  volume={75},
  number={1},
  pages={141--144},
  year={1996},
  publisher={Academic Press}
}



